@book{latexcompanion,
   author = {Frank Mittelbach and Michel Goossens},
   title = {The {\LaTeX} Compation},
   publisher = {Addison-Wesley},
   year = {2004}
   }
@book{dummit2003abstract,
  title={Abstract Algebra},
  author={Dummit, D.S. and Foote, R.M.},
  isbn={9780471433347},
  lccn={2003057652},
  url={https://books.google.ca/books?id=KJDBQgAACAAJ},
  year={2003},
  publisher={Wiley}
}